@article{ComparacaoBPMN,
    title={Comparação de Ferramentas BPMN para Modelagem e Execução do Processo de Desenvolvimento de Software},
    author={Janaína Schwarzrock, Osmar Oliveira Braz Junior, Geraldo Menegazzo Varela, Pablo Schoeffel},
    year={2017},
    publisher={Periódicos UNESC},
}

@book{CBOK,
	title={BPM CBOK V3.0},
	volume={3},
    author={ABPMP},
	year={2013},
	publisher={ABPMP},
	Pages={372 - 382},
}

@book{LivroAutomatizacao,
	title={Automatização de teste de software com ferramentas de software livre},
	volume={1},
    author={ Jose Maldonado, Marcio Delamaro, Auri Marcelo Rizzo Vincenzi },
	year={2018},
	publisher={Elsevier},
	Pages={17 - 21},
}


@article{TechAssistBPM,
    title={Technical assistance to school network using BPM},
    author={Sonia Barreto, Joaquim Silva, Nuno Lopes, Oscar Ribeiro},
    year={2018},
    publisher={13th Iberian Conference on Information Systems and Technologies},
}

@article{GestaoProcessoNegocio,
    title={Gestao de Processos de Negócio em Curso de Sistemas de Informação: Relato de Experiência Utilizando Software Livre},
    author={Jessica Lasch de Moura, et al},
    year={2013},
    publisher={IX Simpósio Brasileiro de Sistemas de Informação},
}

@article{TestCaseBPMN,
    title={Test Case Generation from BPMN Models for Automated Testing of Web-Based BPM Applications},
    author={Jéssica Lasch de Moura,Andrea Schwertner Charão, João Carlos Damasceno Lima and Benhur de Oliveira Stein},
    year={2017},
    publisher={2017 17th International Conference on Computational Science and Its Applications (ICCSA)},
}

@article{TestBPM,
    title={Automação de Testes em Aplicações de BPMS:um Relato de Experiência},
    author={Jéssica Lasch de Moura,Andrea Schwertner Charão},
    year={2015},
    publisher={XIV Simpósio Brasileiro de Qualidade de Software},
}
@book{EngSofSommerville,
	title={Engenharia de Software},
	volume={9},
    author={Ian Sommerville},
	year={2011},
	publisher={Pearson Education do Brasil},
	Pages={144 - 162},
}

@article{IntroduçãoaTestedeSoftware,
    title={Introdução a Teste de Software},
    author={NETO, A. C. D.},
    year={2007},
    publisher={Engenharia de Software Magazine},
}


@MASTERSTHESIS{MARLLOSPAIVAPRADO,
	author = {Marllos Paiva Prado},
	TITLE = {Contribuições ao Suporte Cognitivo em Teste de Software Unitário: Um Framework de Tarefas e uma Agenda de Pesquisa},
	SCHOOL = {Universidade Federal de Goiás , Goiânia},
	YEAR = {2018},
	type = {Mestrado},
}

@misc{OMG,
	author={OMG},
    year={2014},
	title={Business Process Model and Notation (BPMN) Version 2.0.2},
    url={https://www.omg.org/spec/BPMN/2.0.2/PDF},
    Pages={31-49},
    note={Acesso em: 10 agosto 2018},   
}

@MASTERSTHESIS{CidinhaCostaGouveia,
	author = {Cidinha Costa Gouveia},
	TITLE = {Teste de Integração para Sistemas Baseados em Componentes},
	SCHOOL = {Universidade Federal da Paraíba , João Pessoa},
	YEAR = {2004},
	type = {Mestrado},
}
@MASTERSTHESIS{ReginaldoRe,
	author = {Reginaldo Ré},
	TITLE = {Uma contribuição para a minimização do número de stubs no teste de integração de programas orientados a aspectos},
	SCHOOL = {Universidade de São Paulo , São Carlo},
	YEAR = {2009},
	type = {Mestrado},
}
@book{pressman,
    author = {Pressman, Roger S.},   
    edition = {8},
    publisher = {McGrawHill},
    title = {Engenharia de Software - Uma Abordagem Profissional},
    Pages={470-493},
    year = {2016}
}

@book{EngdeSoftwareFMP,
	title={Engenharia de Software - Fundamentos, Métodos e Padrões},
	author={Wilson de Pádua Paula Filho},
    volume={3},
	year={2008},
    Pages={349-409},
	publisher={Grupo Gen},
	
}

@book{ProcessAwareBPM,
	title={Process-Aware Information Systems. In: Fundamentals of Business Process Management.},
	author={Marlon Dumas, Marcello La Rosa, Jan Mendling, Hajo A. Reijers},
    volume={2},
	year={2018},
    Pages={341-365},
	publisher={Springer},
	
}

@misc{lamport,
	title={Document Preparation System},
	author={Lamport, L. and LaTEX, A.},
	year={1994},
	publisher={Addison-Wesley}
}

@MASTERSTHESIS{Maia2011,
	author = { BORGES, J. A. M.},
	TITLE = {Estudo da drogadição gestacional e óbito neonatal},
	SCHOOL = {Universidade Estadual do Ceará, Fortaleza},
	YEAR = {2012},
	type = {Mestrado},
}


